<?xml version="1.0" encoding="UTF-8"?><collection xmlns="http://www.loc.gov/MARC21/slim"><record><leader>00467nam--2200145-i-4500</leader><controlfield tag="001">000045402</controlfield><controlfield tag="002">20161230</controlfield><controlfield tag="005">20161230201045</controlfield><controlfield tag="008">060222s1000------------r-----000-0-eng-d</controlfield><datafield ind1=" " ind2=" " tag="080"><subfield code="a">621.039.54</subfield></datafield><datafield ind1=" " ind2=" " tag="100"><subfield code="a">Tostain, Jacueline</subfield></datafield><datafield ind1=" " ind2=" " tag="245"><subfield code="a">Combistibles pour reacteurs a neutrons rapides. (preparation, fabrication, proprietes physiques et chimiques)</subfield></datafield><datafield ind1=" " ind2=" " tag="260"><subfield code="a">Saclay, Service Central De Documentation Du C.E.A., 1969, 144p</subfield></datafield><datafield ind1=" " ind2=" " tag="490"><subfield code="a">Cea-bib-149</subfield></datafield><datafield ind1=" " ind2=" " tag="852"><subfield code="a">D.1021</subfield></datafield></record></collection>